<?xml version="1.0" encoding="UTF-8"?><record xmlns="http://www.loc.gov/MARC21/slim" xmlns:cinclude="http://apache.org/cocoon/include/1.0" xmlns:zs="http://www.loc.gov/zing/srw/">
  <leader>00423nz  a2200133n  4500</leader>
  <controlfield tag="001">no2007024620</controlfield>
  <controlfield tag="003">DLC</controlfield>
  <controlfield tag="005">20070308075304.0</controlfield>
  <controlfield tag="008">070306n| acannaabn          |n aaa     c</controlfield>
  <datafield tag="010" ind1=" " ind2=" ">
    <subfield code="a">no2007024620</subfield>
  </datafield>
  <datafield tag="035" ind1=" " ind2=" ">
    <subfield code="a">(OCoLC)oca07345981</subfield>
  </datafield>
  <datafield tag="040" ind1=" " ind2=" ">
    <subfield code="a">NBuU-L</subfield>
    <subfield code="b">eng</subfield>
    <subfield code="c">NBuU-L</subfield>
  </datafield>
  <datafield tag="100" ind1="1" ind2=" ">
    <subfield code="a">Sokenu, Claudius O.</subfield>
  </datafield>
  <datafield tag="670" ind1=" " ind2=" ">
    <subfield code="a">The Foreign Corrupt Practices Act, c2007:</subfield>
    <subfield code="b">t.p. (Claudius O. Sokenu) p. 590 (Mayer, Brown, Rowe &amp; Maw LLP, New York City)</subfield>
  </datafield>
</record>